@ARTICLE{dmitriev2012iterative1786867,
    author = {Dmitriev, V. I. and Dmitrieva, I. V.},
    title = {Iterative method for  analytical continuation of the gravity field},
    journal = {Computational Mathematics and Modeling},
    year = {2012},
    volume = {23},
    number = {1},
    issn = {1046-283X},
    doi = {10.1007/s10598-012-9117-2},
    pages = {51--55},
    publisher = {United States},
    address = {United States},
    language = {english}
}
@ARTICLE{DBLP:journals/corr/abs-1806-07366,
  author    = {Tian Qi Chen and
               Yulia Rubanova and
               Jesse Bettencourt and
               David K. Duvenaud},
  title     = {Neural Ordinary Differential Equations},
  journal   = {CoRR},
  volume    = {abs/1806.07366},
  year      = {2018},
  url       = {http://arxiv.org/abs/1806.07366},
  archivePrefix = {arXiv},
  eprint    = {1806.07366},
  timestamp = {Mon, 13 Aug 2018 16:47:56 +0200},
  biburl    = {https://dblp.org/rec/bib/journals/corr/abs-1806-07366},
  bibsource = {dblp computer science bibliography, https://dblp.org}
}
@ARTICLE{DBLP:journals/corr/HeZRS15,
  author    = {Kaiming He and
               Xiangyu Zhang and
               Shaoqing Ren and
               Jian Sun},
  title     = {Deep Residual Learning for Image Recognition},
  journal   = {CoRR},
  volume    = {abs/1512.03385},
  year      = {2015},
  url       = {http://arxiv.org/abs/1512.03385},
  archivePrefix = {arXiv},
  eprint    = {1512.03385},
  timestamp = {Wed, 17 Apr 2019 17:23:45 +0200},
  biburl    = {https://dblp.org/rec/bib/journals/corr/HeZRS15},
  bibsource = {dblp computer science bibliography, https://dblp.org}
}
@ARTICLE{DBLP:journals/corr/abs-1801-04381,
  author    = {Mark Sandler and
               Andrew G. Howard and
               Menglong Zhu and
               Andrey Zhmoginov and
               Liang{-}Chieh Chen},
  title     = {Inverted Residuals and Linear Bottlenecks: Mobile Networks for Classification,
               Detection and Segmentation},
  journal   = {CoRR},
  volume    = {abs/1801.04381},
  year      = {2018},
  url       = {http://arxiv.org/abs/1801.04381},
  archivePrefix = {arXiv},
  eprint    = {1801.04381},
  timestamp = {Mon, 13 Aug 2018 16:48:30 +0200},
  biburl    = {https://dblp.org/rec/bib/journals/corr/abs-1801-04381},
  bibsource = {dblp computer science bibliography, https://dblp.org}
}
@ARTICLE{journals/mcss/Cybenko89,
  added-at = {2018-11-14T00:00:00.000+0100},
  author = {Cybenko, George},
  biburl = {https://www.bibsonomy.org/bibtex/2eea89da56a56108374cb381469f83498/dblp},
  ee = {https://www.wikidata.org/entity/Q56532755},
  interhash = {96aecb02daa11041489259a8edb54070},
  intrahash = {eea89da56a56108374cb381469f83498},
  journal = {MCSS},
  keywords = {dblp},
  number = 4,
  pages = {303-314},
  timestamp = {2018-11-15T13:07:40.000+0100},
  title = {Approximation by superpositions of a sigmoidal function.},
  url = {http://dblp.uni-trier.de/db/journals/mcss/mcss2.html},
  volume = 2,
  year = 1989
}